@inproceedings{dctcp,
 author = {Alizadeh, Mohammad and Greenberg, Albert and Maltz, David A. and Padhye, Jitendra and Patel, Parveen and Prabhakar, Balaji and Sengupta, Sudipta and Sridharan, Murari},
 title = {Data Center TCP (DCTCP)},
 booktitle = {Proceedings of the ACM SIGCOMM 2010 Conference},
 series = {SIGCOMM '10},
 year = {2010},
 isbn = {978-1-4503-0201-2},
 location = {New Delhi, India},
 pages = {63--74},
 numpages = {12},
 url = {http://doi.acm.org/10.1145/1851182.1851192},
 doi = {10.1145/1851182.1851192},
 acmid = {1851192},
 publisher = {ACM},
 address = {New York, NY, USA},
 keywords = {ECN, TCP, data center network},
} 
@inproceedings{fastpass,
	author = {Perry, Jonathan and Ousterhout, Amy and Balakrishnan, Hari and Shah, Devavrat and Fugal, Hans},
	title = {Fastpass: A Centralized "Zero-queue" Datacenter Network},
	booktitle = {Proceedings of the 2014 ACM Conference on SIGCOMM},
	series = {SIGCOMM '14},
	year = {2014},
	isbn = {978-1-4503-2836-4},
	location = {Chicago, Illinois, USA},
	pages = {307--318},
	numpages = {12},
	url = {http://doi.acm.org/10.1145/2619239.2626309},
	doi = {10.1145/2619239.2626309},
	acmid = {2626309},
	publisher = {ACM},
	address = {New York, NY, USA},
	keywords = {arbiter, centralized, data plane, datacenter, high throughput, low latency, scheduling, zero-queue},
} 

@inproceedings{hedera,
	author = {Al-Fares, Mohammad and Radhakrishnan, Sivasankar and Raghavan, Barath and Huang, Nelson and Vahdat, Amin},
	title = {Hedera: Dynamic Flow Scheduling for Data Center Networks},
	booktitle = {Proceedings of the 7th USENIX Conference on Networked Systems Design and Implementation},
	series = {NSDI'10},
	year = {2010},
	location = {San Jose, California},
	pages = {19--19},
	numpages = {1},
	url = {http://dl.acm.org/citation.cfm?id=1855711.1855730},
	acmid = {1855730},
	publisher = {USENIX Association},
	address = {Berkeley, CA, USA},
} 

@inproceedings{fattree,
	author = {Al-Fares, Mohammad and Loukissas, Alexander and Vahdat, Amin},
	title = {A Scalable, Commodity Data Center Network Architecture},
	booktitle = {Proceedings of the ACM SIGCOMM 2008 Conference on Data Communication},
	series = {SIGCOMM '08},
	year = {2008},
	isbn = {978-1-60558-175-0},
	location = {Seattle, WA, USA},
	pages = {63--74},
	numpages = {12},
	url = {http://doi.acm.org/10.1145/1402958.1402967},
	doi = {10.1145/1402958.1402967},
	acmid = {1402967},
	publisher = {ACM},
	address = {New York, NY, USA},
	keywords = {data center topology, equal-cost routing},
} 

@inproceedings{CFH99,
	author = {Crovella, Mark E. and Frangioso, Robert and Harchol-Balter, Mor},
	title = {Connection Scheduling in Web Servers},
	booktitle = {Proceedings of the 2Nd Conference on USENIX Symposium on Internet Technologies and Systems - Volume 2},
	series = {USITS'99},
	year = {1999},
	location = {Boulder, Colorado},
	pages = {22--22},
	numpages = {1},
	url = {http://dl.acm.org/citation.cfm?id=1251480.1251502},
	acmid = {1251502},
	publisher = {USENIX Association},
	address = {Berkeley, CA, USA},
} 

@inproceedings{datacentertraffic,
	author = {Benson, Theophilus and Akella, Aditya and Maltz, David A.},
	title = {Network Traffic Characteristics of Data Centers in the Wild},
	booktitle = {Proceedings of the 10th ACM SIGCOMM Conference on Internet Measurement},
	series = {IMC '10},
	year = {2010},
	isbn = {978-1-4503-0483-2},
	location = {Melbourne, Australia},
	pages = {267--280},
	numpages = {14},
	url = {http://doi.acm.org/10.1145/1879141.1879175},
	doi = {10.1145/1879141.1879175},
	acmid = {1879175},
	publisher = {ACM},
	address = {New York, NY, USA},
	keywords = {characterization, data center traffic},
} 

@inproceedings{fssdn,
	author = {Gupta, Mukta and Sommers, Joel and Barford, Paul},
	title = {Fast, Accurate Simulation for SDN Prototyping},
	booktitle = {Proceedings of the Second ACM SIGCOMM Workshop on Hot Topics in Software Defined Networking},
	series = {HotSDN '13},
	year = {2013},
	isbn = {978-1-4503-2178-5},
	location = {Hong Kong, China},
	pages = {31--36},
	numpages = {6},
	url = {http://doi.acm.org/10.1145/2491185.2491202},
	doi = {10.1145/2491185.2491202},
	acmid = {2491202},
	publisher = {ACM},
	address = {New York, NY, USA},
	keywords = {network flows, openflow, simulation, software-defined networks},
} 


